%! Author = kyoto
%! Date = 02.03.2023

